@inproceedings{limmer2016infrared,
  title={Infrared colorization using deep convolutional neural networks},
  author={Limmer, Matthias and Lensch, Hendrik PA},
  booktitle={2016 15th IEEE International Conference on Machine Learning and Applications (ICMLA)},
  pages={61--68},
  year={2016},
  organization={IEEE}
}
@inproceedings{dong2018infrared,
  title={Infrared image colorization using a s-shape network},
  author={Dong, Ziyue and Kamata, Sei-ichiro and Breckon, Toby P},
  booktitle={2018 25th IEEE International Conference on Image Processing (ICIP)},
  pages={2242--2246},
  year={2018},
  organization={IEEE}
}
@inproceedings{mehri2019colorizing,
  title={Colorizing near infrared images through a cyclic adversarial approach of unpaired samples},
  author={Mehri, Armin and Sappa, Angel D},
  booktitle={Proceedings of the IEEE/CVF Conference on Computer Vision and Pattern Recognition Workshops},
  year={2019}
}
@inproceedings{unet,
  title={U-net: Convolutional networks for biomedical image segmentation},
  author={Ronneberger, Olaf and Fischer, Philipp and Brox, Thomas},
  booktitle={International Conference on Medical image computing and computer-assisted intervention},
  pages={234--241},
  year={2015},
  organization={Springer}
}
@inproceedings{caltech,
  author    = {Sara Beery and
               Grant Van Horn and
               Pietro Perona},
  title     = {Recognition in Terra Incognita},
  booktitle = {Computer Vision - {ECCV} 2018 - 15th European Conference, Munich,
               Germany, September 8-14, 2018, Proceedings, Part {XVI}},
  pages     = {472--489},
  year      = {2018},
  crossref  = {DBLP:conf/eccv/2018-16},
  url       = {https://doi.org/10.1007/978-3-030-01270-0_28},
  doi       = {10.1007/978-3-030-01270-0\_28},
  timestamp = {Mon, 08 Oct 2018 17:08:07 +0200},
  biburl    = {https://dblp.org/rec/bib/conf/eccv/BeeryHP18},
  bibsource = {dblp computer science bibliography, https://dblp.org}
}
