@inproceedings{limmer2016infrared,
  title        = {Infrared colorization using deep convolutional neural networks},
  author       = {Limmer, Matthias and Lensch, Hendrik PA},
  booktitle    = {2016 15th IEEE International Conference on Machine Learning and Applications (ICMLA)},
  pages        = {61--68},
  year         = {2016},
  organization = {IEEE}
}
@inproceedings{dong2018infrared,
  title        = {Infrared image colorization using a s-shape network},
  author       = {Dong, Ziyue and Kamata, Sei-ichiro and Breckon, Toby P},
  booktitle    = {2018 25th IEEE International Conference on Image Processing (ICIP)},
  pages        = {2242--2246},
  year         = {2018},
  organization = {IEEE}
}
@inproceedings{mehri2019colorizing,
  title     = {Colorizing near infrared images through a cyclic adversarial approach of unpaired samples},
  author    = {Mehri, Armin and Sappa, Angel D},
  booktitle = {Proceedings of the IEEE/CVF Conference on Computer Vision and Pattern Recognition Workshops},
  year      = {2019}
}
@article{rel_gan,
  title   = {The relativistic discriminator: a key element missing from standard GAN},
  author  = {Jolicoeur-Martineau, Alexia},
  journal = {arXiv preprint arXiv:1807.00734},
  year    = {2018}
}
@article{ssim,
  title     = {Image quality assessment: from error visibility to structural similarity},
  author    = {Wang, Zhou and Bovik, Alan C and Sheikh, Hamid R and Simoncelli, Eero P},
  journal   = {IEEE transactions on image processing},
  volume    = {13},
  number    = {4},
  pages     = {600--612},
  year      = {2004},
  publisher = {IEEE}
}
@inproceedings{unet,
  title        = {U-net: Convolutional networks for biomedical image segmentation},
  author       = {Ronneberger, Olaf and Fischer, Philipp and Brox, Thomas},
  booktitle    = {International Conference on Medical image computing and computer-assisted intervention},
  pages        = {234--241},
  year         = {2015},
  organization = {Springer}
}
@inproceedings{resnet,
  title     = {Deep residual learning for image recognition},
  author    = {He, Kaiming and Zhang, Xiangyu and Ren, Shaoqing and Sun, Jian},
  booktitle = {Proceedings of the IEEE conference on computer vision and pattern recognition},
  pages     = {770--778},
  year      = {2016}
}
@inproceedings{cyclegan_orig,
  title     = {Unpaired image-to-image translation using cycle-consistent adversarial networks},
  author    = {Zhu, Jun-Yan and Park, Taesung and Isola, Phillip and Efros, Alexei A},
  booktitle = {Proceedings of the IEEE international conference on computer vision},
  pages     = {2223--2232},
  year      = {2017}
}
@inproceedings{cyclegan_camera_traps,
  title        = {CycleGAN-Based Image Translation for Near-Infrared Camera-Trap Image Recognition},
  author       = {Gao, Renwu and Zheng, Siting and He, Jia and Shen, Linlin},
  booktitle    = {Pattern Recognition and Artificial Intelligence: International Conference, ICPRAI 2020, Zhongshan, China, October 19--23, 2020, Proceedings},
  pages        = {453--464},
  year         = {2020},
  organization = {Springer International Publishing Cham}
}
@article{spectral_norm,
  title   = {Spectral normalization for generative adversarial networks},
  author  = {Miyato, Takeru and Kataoka, Toshiki and Koyama, Masanori and Yoshida, Yuichi},
  journal = {arXiv preprint arXiv:1802.05957},
  year    = {2018}
}
@article{ttur,
  title   = {Gans trained by a two time-scale update rule converge to a local nash equilibrium},
  author  = {Heusel, Martin and Ramsauer, Hubert and Unterthiner, Thomas and Nessler, Bernhard and Hochreiter, Sepp},
  journal = {Advances in neural information processing systems},
  volume  = {30},
  year    = {2017}
}
@inproceedings{cut,
  title        = {Contrastive learning for unpaired image-to-image translation},
  author       = {Park, Taesung and Efros, Alexei A and Zhang, Richard and Zhu, Jun-Yan},
  booktitle    = {Computer Vision--ECCV 2020: 16th European Conference, Glasgow, UK, August 23--28, 2020, Proceedings, Part IX 16},
  pages        = {319--345},
  year         = {2020},
  organization = {Springer}
}
@inproceedings{monce,
  title={Modulated contrast for versatile image synthesis},
  author={Zhan, Fangneng and Zhang, Jiahui and Yu, Yingchen and Wu, Rongliang and Lu, Shijian},
  booktitle={Proceedings of the IEEE/CVF Conference on Computer Vision and Pattern Recognition},
  pages={18280--18290},
  year={2022}
}

@inproceedings{caltech,
  author    = {Sara Beery and
               Grant Van Horn and
               Pietro Perona},
  title     = {Recognition in Terra Incognita},
  booktitle = {Computer Vision - {ECCV} 2018 - 15th European Conference, Munich,
               Germany, September 8-14, 2018, Proceedings, Part {XVI}},
  pages     = {472--489},
  year      = {2018},
  crossref  = {DBLP:conf/eccv/2018-16},
  url       = {https://doi.org/10.1007/978-3-030-01270-0_28},
  doi       = {10.1007/978-3-030-01270-0\_28},
  timestamp = {Mon, 08 Oct 2018 17:08:07 +0200},
  biburl    = {https://dblp.org/rec/bib/conf/eccv/BeeryHP18},
  bibsource = {dblp computer science bibliography, https://dblp.org}
}
@misc{serengeti,
  title     = {Data from: Snapshot Serengeti, high-frequency annotated camera trap images of 40 mammalian species in an African savanna},
  author    = {Swanson, AB and Kosmala, M and Lintott, CJ and Simpson, RJ and Smith, A and Packer, C},
  year      = {2015},
  journal   = {Scientific Data},
  url       = {https://doi.org/10.5061/dryad.5pt92},
  doi       = {doi:10.5061/dryad.5pt92},
  publisher = {Dryad Digital Repository}
}
@inproceedings{guo2017calibration,
  title={On calibration of modern neural networks},
  author={Guo, Chuan and Pleiss, Geoff and Sun, Yu and Weinberger, Kilian Q},
  booktitle={International conference on machine learning},
  pages={1321--1330},
  year={2017},
  organization={PMLR}
}