@inproceedings{limmer,
  title        = {Infrared colorization using deep convolutional neural networks},
  author       = {Limmer, Matthias and Lensch, Hendrik PA},
  booktitle    = {2016 15th IEEE International Conference on Machine Learning and Applications (ICMLA)},
  pages        = {61--68},
  year         = {2016},
  organization = {IEEE}
}
@inproceedings{s-shape,
  title        = {Infrared image colorization using a s-shape network},
  author       = {Dong, Ziyue and Kamata, Sei-ichiro and Breckon, Toby P},
  booktitle    = {2018 25th IEEE International Conference on Image Processing (ICIP)},
  pages        = {2242--2246},
  year         = {2018},
  organization = {IEEE}
}
@inproceedings{mehri,
  title     = {Colorizing near infrared images through a cyclic adversarial approach of unpaired samples},
  author    = {Mehri, Armin and Sappa, Angel D},
  booktitle = {Proceedings of the IEEE/CVF Conference on Computer Vision and Pattern Recognition Workshops},
  year      = {2019}
}
@article{rel_gan,
  title   = {The relativistic discriminator: a key element missing from standard GAN},
  author  = {Jolicoeur-Martineau, Alexia},
  journal = {arXiv preprint arXiv:1807.00734},
  year    = {2018}
}
@article{ssim,
  title     = {Image quality assessment: from error visibility to structural similarity},
  author    = {Wang, Zhou and Bovik, Alan C and Sheikh, Hamid R and Simoncelli, Eero P},
  journal   = {IEEE transactions on image processing},
  volume    = {13},
  number    = {4},
  pages     = {600--612},
  year      = {2004},
  publisher = {IEEE}
}
@inproceedings{unet,
  title        = {U-net: Convolutional networks for biomedical image segmentation},
  author       = {Ronneberger, Olaf and Fischer, Philipp and Brox, Thomas},
  booktitle    = {International Conference on Medical image computing and computer-assisted intervention},
  pages        = {234--241},
  year         = {2015},
  organization = {Springer}
}
@inproceedings{resnet,
  title     = {Deep residual learning for image recognition},
  author    = {He, Kaiming and Zhang, Xiangyu and Ren, Shaoqing and Sun, Jian},
  booktitle = {Proceedings of the IEEE conference on computer vision and pattern recognition},
  pages     = {770--778},
  year      = {2016}
}
@inproceedings{cyclegan-original,
  title     = {Unpaired image-to-image translation using cycle-consistent adversarial networks},
  author    = {Zhu, Jun-Yan and Park, Taesung and Isola, Phillip and Efros, Alexei A},
  booktitle = {Proceedings of the IEEE international conference on computer vision},
  pages     = {2223--2232},
  year      = {2017}
}
@inproceedings{cyclegan-camera-traps,
  title        = {CycleGAN-Based Image Translation for Near-Infrared Camera-Trap Image Recognition},
  author       = {Gao, Renwu and Zheng, Siting and He, Jia and Shen, Linlin},
  booktitle    = {Pattern Recognition and Artificial Intelligence: International Conference, ICPRAI 2020, Zhongshan, China, October 19--23, 2020, Proceedings},
  pages        = {453--464},
  year         = {2020},
  organization = {Springer International Publishing Cham}
}
@article{spectral-norm,
  title   = {Spectral normalization for generative adversarial networks},
  author  = {Miyato, Takeru and Kataoka, Toshiki and Koyama, Masanori and Yoshida, Yuichi},
  journal = {arXiv preprint arXiv:1802.05957},
  year    = {2018}
}
@article{ttur,
  title   = {Gans trained by a two time-scale update rule converge to a local nash equilibrium},
  author  = {Heusel, Martin and Ramsauer, Hubert and Unterthiner, Thomas and Nessler, Bernhard and Hochreiter, Sepp},
  journal = {Advances in neural information processing systems},
  volume  = {30},
  year    = {2017}
}
@inproceedings{cut,
  title        = {Contrastive learning for unpaired image-to-image translation},
  author       = {Park, Taesung and Efros, Alexei A and Zhang, Richard and Zhu, Jun-Yan},
  booktitle    = {Computer Vision--ECCV 2020: 16th European Conference, Glasgow, UK, August 23--28, 2020, Proceedings, Part IX 16},
  pages        = {319--345},
  year         = {2020},
  organization = {Springer}
}
@inproceedings{monce,
  title={Modulated contrast for versatile image synthesis},
  author={Zhan, Fangneng and Zhang, Jiahui and Yu, Yingchen and Wu, Rongliang and Lu, Shijian},
  booktitle={Proceedings of the IEEE/CVF Conference on Computer Vision and Pattern Recognition},
  pages={18280--18290},
  year={2022}
}

@inproceedings{caltech,
  author    = {Sara Beery and
               Grant Van Horn and
               Pietro Perona},
  title     = {Recognition in Terra Incognita},
  booktitle = {Computer Vision - {ECCV} 2018 - 15th European Conference, Munich,
               Germany, September 8-14, 2018, Proceedings, Part {XVI}},
  pages     = {472--489},
  year      = {2018},
  crossref  = {DBLP:conf/eccv/2018-16},
  url       = {https://doi.org/10.1007/978-3-030-01270-0_28},
  doi       = {10.1007/978-3-030-01270-0\_28},
  timestamp = {Mon, 08 Oct 2018 17:08:07 +0200},
  biburl    = {https://dblp.org/rec/bib/conf/eccv/BeeryHP18},
  bibsource = {dblp computer science bibliography, https://dblp.org}
}
@proceedings{DBLP:conf/eccv/2018-16,
  editor    = {Vittorio Ferrari and
               Martial Hebert and
               Cristian Sminchisescu and
               Yair Weiss},
  title     = {Computer Vision - {ECCV} 2018 - 15th European Conference, Munich,
               Germany, September 8-14, 2018, Proceedings, Part {XVI}},
  series    = {Lecture Notes in Computer Science},
  volume    = {11220},
  publisher = {Springer},
  year      = {2018},
  url       = {https://doi.org/10.1007/978-3-030-01270-0},
  doi       = {10.1007/978-3-030-01270-0},
  isbn      = {978-3-030-01269-4},
  timestamp = {Mon, 08 Oct 2018 17:08:05 +0200},
  biburl    = {https://dblp.org/rec/bib/conf/eccv/2018-16},
  bibsource = {dblp computer science bibliography, https://dblp.org}
}


@misc{serengeti,
  title     = {Data from: Snapshot Serengeti, high-frequency annotated camera trap images of 40 mammalian species in an African savanna},
  author    = {Swanson, AB and Kosmala, M and Lintott, CJ and Simpson, RJ and Smith, A and Packer, C},
  year      = {2015},
  journal   = {Scientific Data},
  url       = {https://doi.org/10.5061/dryad.5pt92},
  doi       = {doi:10.5061/dryad.5pt92},
  publisher = {Dryad Digital Repository}
}

@article{diffusion-beats-gans,
  title={Diffusion models beat gans on image synthesis},
  author={Dhariwal, Prafulla and Nichol, Alexander},
  journal={Advances in neural information processing systems},
  volume={34},
  pages={8780--8794},
  year={2021}
}
@article{sbgm,
  title={Score-based generative modeling through stochastic differential equations},
  author={Song, Yang and Sohl-Dickstein, Jascha and Kingma, Diederik P and Kumar, Abhishek and Ermon, Stefano and Poole, Ben},
  journal={arXiv preprint arXiv:2011.13456},
  year={2020}
}
@inproceedings{rgb-nir-image-enhancement,
  title={RGB--NIR image enhancement by fusing bilateral and weighted least squares filters},
  author={Sharma, Vivek and Hardeberg, Jon Yngve and George, Sony},
  booktitle={Color and Imaging Conference},
  volume={2017},
  number={25},
  pages={330--338},
  year={2017},
  organization={Society for Imaging Science and Technology}
}

@article{ddpm,
  title={Denoising diffusion probabilistic models},
  author={Ho, Jonathan and Jain, Ajay and Abbeel, Pieter},
  journal={Advances in neural information processing systems},
  volume={33},
  pages={6840--6851},
  year={2020}
}

@inproceedings{repaint,
  title={Repaint: Inpainting using denoising diffusion probabilistic models},
  author={Lugmayr, Andreas and Danelljan, Martin and Romero, Andres and Yu, Fisher and Timofte, Radu and Van Gool, Luc},
  booktitle={Proceedings of the IEEE/CVF Conference on Computer Vision and Pattern Recognition},
  pages={11461--11471},
  year={2022}
}

@inproceedings{palette,
  title={Palette: Image-to-image diffusion models},
  author={Saharia, Chitwan and Chan, William and Chang, Huiwen and Lee, Chris and Ho, Jonathan and Salimans, Tim and Fleet, David and Norouzi, Mohammad},
  booktitle={ACM SIGGRAPH 2022 Conference Proceedings},
  pages={1--10},
  year={2022}
}

@article{ilvr,
  title={Ilvr: Conditioning method for denoising diffusion probabilistic models},
  author={Choi, Jooyoung and Kim, Sungwon and Jeong, Yonghyun and Gwon, Youngjune and Yoon, Sungroh},
  journal={arXiv preprint arXiv:2108.02938},
  year={2021}
}

@article{unit-ddpm,
  title={Unit-ddpm: Unpaired image translation with denoising diffusion probabilistic models},
  author={Sasaki, Hiroshi and Willcocks, Chris G and Breckon, Toby P},
  journal={arXiv preprint arXiv:2104.05358},
  year={2021}
}

@article{egsde,
  title={Egsde: Unpaired image-to-image translation via energy-guided stochastic differential equations},
  author={Zhao, Min and Bao, Fan and Li, Chongxuan and Zhu, Jun},
  journal={Advances in Neural Information Processing Systems},
  volume={35},
  pages={3609--3623},
  year={2022}
}

@article{study-vis-nir-fusion,
  title={From pyramids to state-of-the-art: a study and comprehensive comparison of visible--infrared image fusion techniques},
  author={Sharma, Apoorav M and Dogra, Ayush and Goyal, Bhawna and Vig, Renu and Agrawal, Sunil},
  journal={IET Image Processing},
  volume={14},
  number={9},
  pages={1671--1689},
  year={2020},
  publisher={Wiley Online Library}
}

@book{computer-vision-a-modern-approach,
  title={Computer vision: a modern approach},
  author={Forsyth, David A and Ponce, Jean},
  year={2002},
  publisher={prentice hall professional technical reference}
}

@article{ddim,
  title={Denoising diffusion implicit models},
  author={Song, Jiaming and Meng, Chenlin and Ermon, Stefano},
  journal={arXiv preprint arXiv:2010.02502},
  year={2020}
}

@inproceedings{deep-unsupervised-learning-using-nonequilibrium-thermodynamics,
  title={Deep unsupervised learning using nonequilibrium thermodynamics},
  author={Sohl-Dickstein, Jascha and Weiss, Eric and Maheswaranathan, Niru and Ganguli, Surya},
  booktitle={International conference on machine learning},
  pages={2256--2265},
  year={2015},
  organization={PMLR}
}

@article{generative-modeling-by-estimating-gradients-of-the-data-distribution,
  title={Generative modeling by estimating gradients of the data distribution},
  author={Song, Yang and Ermon, Stefano},
  journal={Advances in neural information processing systems},
  volume={32},
  year={2019}
}

@inproceedings{langevin-dynamics,
  title={Bayesian learning via stochastic gradient Langevin dynamics},
  author={Welling, Max and Teh, Yee W},
  booktitle={Proceedings of the 28th international conference on machine learning (ICML-11)},
  pages={681--688},
  year={2011}
}

@inproceedings{nir-rgb-pair-dataset,
  title={Multi-spectral SIFT for scene category recognition},
  author={Brown, Matthew and S{\"u}sstrunk, Sabine},
  booktitle={CVPR 2011},
  pages={177--184},
  year={2011},
  organization={IEEE}
}